
  <record>
    <leader>01000aam  22002601a 4500</leader>
    <controlfield tag="001">YPZ90180</controlfield>
    <controlfield tag="003">YPZ</controlfield>
    <controlfield tag="005">200811031510140</controlfield>
    <controlfield tag="008">081103|###########||||||b||||||||||spa|d</controlfield>
    <datafield tag="040" ind1=" " ind2=" ">
      <subfield code="c">SIUNPA</subfield>
    </datafield>
    <datafield tag="041" ind1=" " ind2=" ">
      <subfield code="a">spa</subfield>
    </datafield>
    <datafield tag="044" ind1=" " ind2=" ">
      <subfield code="a">US</subfield>
    </datafield>
    <datafield tag="080" ind1=" " ind2=" ">
      <subfield code="a">364.28 V795viol</subfield>
    </datafield>
    <datafield tag="245" ind1=" " ind2=" ">
      <subfield code="a">Violencia doméstica</subfield>
      <subfield code="b"> : intervenciones para su prevención y tratamiento</subfield>
      <subfield code="c"> / Banco Interamericano de Desarrollo (BID). Unidad de la Mujer en el Desarrollo, comp.</subfield>
    </datafield>
    <datafield tag="260" ind1=" " ind2=" ">
      <subfield code="a">Washington, D.C.</subfield>
      <subfield code="b"> : Banco Interamericano de Desarrollo, Unidad de la Mujer en el Desarrollo</subfield>
      <subfield code="c"> , 2001</subfield>
    </datafield>
    <datafield tag="505" ind1=" " ind2=" ">
      <subfield code="a">Contenido: Introducción - 1. Campaña de comunicación en Panamá - 2. Tratamiento de hombres agresores en países nórdicos - 3. Planes nacionales contra la violencia doméstica - 4. Capacitación a facilitadoras indígenas en Guatemala - 5. Refugios para mujeres en situación de violencia doméstica - 6. Capacitación para la aplicación de convenios internacionales - 7. Línea telefónica de emergencia en El Salvador - 8. Producción y uso de un video: vidas golpeadas, esperanzas destruidas - 9. Educación popular sobre masculinidad en Nicaragua</subfield>
    </datafield>
    <datafield tag="650" ind1=" " ind2=" ">
      <subfield code="a"> VIOLENCIA FAMILIAR</subfield>
    </datafield>
    <datafield tag="650" ind1=" " ind2=" ">
      <subfield code="a"> VIOLENCIA EN EL HOGAR</subfield>
    </datafield>
    <datafield tag="650" ind1=" " ind2=" ">
      <subfield code="a"> MUJERES MALTRATADAS</subfield>
    </datafield>
    <datafield tag="650" ind1=" " ind2=" ">
      <subfield code="a"> AMERICA LATINA</subfield>
    </datafield>
    <datafield tag="650" ind1=" " ind2=" ">
      <subfield code="a"> CARIBE</subfield>
    </datafield>
    <datafield tag="942" ind1=" " ind2=" ">
      <subfield code="c">CN</subfield>
    </datafield>
    <datafield tag="952" ind1=" " ind2=" ">
      <subfield code="a">BIB_RECT</subfield>
      <subfield code="b">BIB_UASJ</subfield>
      <subfield code="d">2008-11-03</subfield>
      <subfield code="y">CN</subfield>
      <subfield code="p">04-36457</subfield>
      <subfield code="i">04-36457</subfield>
      <subfield code="g">22</subfield>
      <subfield code="o">364.28 V795viol</subfield>
      <subfield code="e">Donación México</subfield>
      <subfield code="8">CG</subfield>
    </datafield>
  </record>