
  <record>
    <leader>01000aam  22002601a 4500</leader>
    <controlfield tag="001">YPZ93774</controlfield>
    <controlfield tag="003">YPZ</controlfield>
    <controlfield tag="005">201102161706010</controlfield>
    <controlfield tag="008">110216|###########||||||b||||||||||spa|d</controlfield>
    <datafield tag="020" ind1=" " ind2=" ">
      <subfield code="a">847174600X</subfield>
    </datafield>
    <datafield tag="040" ind1=" " ind2=" ">
      <subfield code="c">SIUNPA</subfield>
    </datafield>
    <datafield tag="041" ind1=" " ind2=" ">
      <subfield code="a">spa</subfield>
    </datafield>
    <datafield tag="044" ind1=" " ind2=" ">
      <subfield code="a">ES</subfield>
    </datafield>
    <datafield tag="080" ind1=" " ind2=" ">
      <subfield code="a">159.9.072 A625d12</subfield>
    </datafield>
    <datafield tag="100" ind1=" " ind2=" ">
      <subfield code="a">Anstey, Edgar.</subfield>
    </datafield>
    <datafield tag="245" ind1=" " ind2=" ">
      <subfield code="a">Dominó D-48</subfield>
    </datafield>
    <datafield tag="250" ind1=" " ind2=" ">
      <subfield code="a">12a ed.</subfield>
    </datafield>
    <datafield tag="260" ind1=" " ind2=" ">
      <subfield code="a">Madrid</subfield>
      <subfield code="b"> : TEA</subfield>
      <subfield code="c"> , 1999</subfield>
    </datafield>
    <datafield tag="300" ind1=" " ind2=" ">
      <subfield code="a">1 conjunto en sobre : </subfield>
      <subfield code="b">il. ; </subfield>
      <subfield code="a">1 carpeta (39 p. en 10 pliegos) : </subfield>
      <subfield code="b">il. ; </subfield>
      <subfield code="a">40 p. en carpeta : </subfield>
      <subfield code="b">il. ; </subfield>
      <subfield code="a">1 portafolio (10 folletos) : </subfield>
      <subfield code="b">il. ; </subfield>
      <subfield code="a">1 conjunto en sobre : </subfield>
      <subfield code="a">1 conjunto en sobre : </subfield>
      <subfield code="b">il. ; </subfield>
      <subfield code="e">Contiene: Manual (27 p.) - 1 cuadernillo del test - 1 hoja de respuestas - 1 plantilla de corrección</subfield>
    </datafield>
    <datafield tag="440" ind1=" " ind2=" ">
      <subfield code="a">Publicaciones de Psicología aplicada. Serie menor</subfield>
      <subfield code="v">no. 1</subfield>
    </datafield>
    <datafield tag="490" ind1=" " ind2=" ">
      <subfield code="a">Publicaciones de Psicología aplicada. Serie menor</subfield>
      <subfield code="v">no. 1</subfield>
    </datafield>
    <datafield tag="500" ind1=" " ind2=" ">
      <subfield code="a">Tít. de cub.: D-48. Tests de dominós</subfield>
    </datafield>
    <datafield tag="650" ind1=" " ind2=" ">
      <subfield code="a"> TEST DE DOMINOS</subfield>
    </datafield>
    <datafield tag="650" ind1=" " ind2=" ">
      <subfield code="a"> TESTS DE INTELIGENCIA</subfield>
    </datafield>
    <datafield tag="650" ind1=" " ind2=" ">
      <subfield code="a"> PSICODIAGNOSTICO</subfield>
    </datafield>
    <datafield tag="942" ind1=" " ind2=" ">
      <subfield code="c">CN</subfield>
    </datafield>
    <datafield tag="952" ind1=" " ind2=" ">
      <subfield code="a">BIB_RECT</subfield>
      <subfield code="b">BIB_UARG</subfield>
      <subfield code="d">2011-02-15</subfield>
      <subfield code="y">CN</subfield>
      <subfield code="p">05-40494</subfield>
      <subfield code="i">05-40494</subfield>
      <subfield code="g">18</subfield>
      <subfield code="o">159.9.072 A625d12</subfield>
      <subfield code="e">APEP/10</subfield>
      <subfield code="8">CG</subfield>
    </datafield>
  </record>